@book{brigham1988fast,
  title={The fast Fourier transform and its applications},
  author={Brigham, E Oran},
  year={1988},
  publisher={Prentice-Hall, Inc.}
}

%%%%%%%%%%%%%%%% Unused %%%%%%%%%%%%%%%% 

@techreport{flugge2017realtime,
  title={Realtime GPGPU FFT ocean water simulation},
  author={Fl{\"u}gge, Fynn-Jorin},
  year={2017}
}

@article{nvidiacufft,
  title={CUFFT library (2018)},
  author={Nvidia, CUDA},
  journal={URL developer. nvidia. com/cuFFT}
}


@inproceedings{govindaraju2008high,
  title={High performance discrete Fourier transforms on graphics processors},
  author={Govindaraju, Naga K and Lloyd, Brandon and Dotsenko, Yuri and Smith, Burton and Manferdelli, John},
  booktitle={SC'08: Proceedings of the 2008 ACM/IEEE conference on Supercomputing},
  pages={1--12},
  year={2008},
  organization={Ieee}
}

@book{chu1999inside,
  title={Inside the FFT black box: serial and parallel fast Fourier transform algorithms},
  author={Chu, Eleanor and George, Alan},
  year={1999},
  publisher={CRC press}
}

@inproceedings{stvrelak2018perf,
  title={Performance analysis and autotuning setup of the cuFFT library},
  author={Střelák, David and Filipovič, Jiří},
  booktitle={Proceedings of the 2nd Workshop on AutotuniNg and aDaptivity AppRoaches for Energy efficient HPC Systems},
  pages={1--6},
  year={2018}
}

@inproceedings{zhang2013design,
  title={Design and Implementation of Parallel FFT on CUDA},
  author={Zhang, Xueqin and Shen, Kai and Xu, Chengguang and Wang, Kaifang},
  booktitle={2013 IEEE 11th International Conference on Dependable, Autonomic and Secure Computing},
  pages={583--589},
  year={2013},
  organization={IEEE}
}

@inproceedings{moreland2003fft,
  title={The FFT on a GPU},
  author={Moreland, Kenneth and Angel, Edward},
  booktitle={Proceedings of the ACM SIGGRAPH/EUROGRAPHICS conference on Graphics hardware},
  pages={112--119},
  year={2003}
}

@inproceedings{lloyd2008fast,
  title={Fast computation of general Fourier transforms on GPUs},
  author={Lloyd, D Brandon and Boyd, Chas and Govindaraju, Naga},
  booktitle={2008 IEEE international conference on multimedia and expo},
  pages={5--8},
  year={2008},
  organization={IEEE}
}

% 
@article{poonam2018,
  title={Applications of Fourier Transform in Engineering Field},
  author={Poonam Rajvardhan Patil, Shankar Akaram Patil},
  journal = {International Journal of Innovative Research in Science, Engineering and Technology},
  pages={11090--11098},
  year={2018},
  organization={ijirset}
}

@article{jia2014polynomial,
  title={Polynomial multiplication and fast fourier transform},
  author={Jia, Yan-Bin},
  journal={Com S},
  volume={477},
  pages={577},
  year={2014}
}

@book{rao2018transform,
  title={The transform and data compression handbook},
  author={Rao, Kamisetty Ramam and Yip, Patrick C},
  year={2018},
  publisher={CRC press}
}

@book{horn2012matrix,
  title={Matrix analysis},
  author={Horn, Roger A and Johnson, Charles R},
  year={2012},
  publisher={Cambridge university press},
  pages       = "83-94",
  chapter     = 2
}

@article{rader1968discrete,
  title={Discrete Fourier transforms when the number of data samples is prime},
  author={Rader, Charles M},
  journal={Proceedings of the IEEE},
  volume={56},
  number={6},
  pages={1107--1108},
  year={1968},
  publisher={IEEE}
}

@article{bluestein1970linear,
  title={A linear filtering approach to the computation of discrete Fourier transform},
  author={Bluestein, Leo},
  journal={IEEE Transactions on Audio and Electroacoustics},
  volume={18},
  number={4},
  pages={451--455},
  year={1970},
  publisher={IEEE}
}

@inproceedings{yavne1968economical,
  title={An economical method for calculating the discrete Fourier transform},
  author={Yavne, R},
  booktitle={Proceedings of the December 9-11, 1968, fall joint computer conference, part I},
  pages={115--125},
  year={1968}
}


@misc{fftntiaudio,
  title = {{Fast Fourier Transformation FFT - Basics}},
  author={NTi Audio},
  howpublished = {\url{https://www.nti-audio.com/en/support/know-how/fast-fourier-transform-fft}},
  note = {Accessed at 2022-01-28}
}

@article{jones2014digital,
  title={Digital Signal Processing: A User's Guide},
  author={Jones, Douglas L},
  year={2014},
  publisher={Rice University}
}

@book{smith2007mathematics,
  title={Mathematics of the discrete Fourier transform (DFT): with audio applications},
  author={Smith, Julius Orion},
  year={2007},
  publisher={Julius Smith}
}

@article{frigo2012fftw,
  title={FFTW: Fastest Fourier transform in the west},
  author={Frigo, Matteo and Johnson, Steven G},
  journal={Astrophysics Source Code Library},
  pages={ascl--1201},
  year={2012}
}
